@inproceedings{zhang2021path,
  author    = {Qinsheng Zhang and Yongxin Chen},
  title     = {Path Integral Sampler: a stochastic control approach for sampling},
  booktitle = {International Conference on Learning Representations},
  year      = {2022}
}
@inproceedings{vargas2023denoising,
title={Denoising Diffusion Samplers},
author={Francisco Vargas and Will Sussman Grathwohl and Arnaud Doucet},
booktitle={International Conference on Learning Representations},
year={2023},
url={https://openreview.net/forum?id=8pvnfTAbu1f}
}
